<record><leader>00000cas a22000007a 4500</leader><controlfield tag="001">37661280</controlfield><controlfield tag="008">970922d19621964okuwr n       0    0eng d</controlfield><datafield ind1=" " ind2=" " tag="010"><subfield code="a">sn 97070248 </subfield></datafield><datafield ind1=" " ind2=" " tag="040"><subfield code="a">OBN</subfield><subfield code="b">eng</subfield><subfield code="c">OBN</subfield><subfield code="d">OCLCQ</subfield><subfield code="d">OCLCF</subfield><subfield code="d">OCLCO</subfield></datafield><datafield ind1="1" ind2=" " tag="029"><subfield code="a">AU@</subfield><subfield code="b">000013497333</subfield></datafield><datafield ind1=" " ind2=" " tag="042"><subfield code="a">msc</subfield></datafield><datafield ind1=" " ind2=" " tag="043"><subfield code="a">n-us-ok</subfield></datafield><datafield ind1="0" ind2="0" tag="245"><subfield code="a">Washita Valley herald.</subfield></datafield><datafield ind1=" " ind2=" " tag="260"><subfield code="a">Verden, Okla. :</subfield><subfield code="b">Bayard Auchincloss</subfield></datafield><datafield ind1=" " ind2=" " tag="300"><subfield code="a">v.</subfield></datafield><datafield ind1=" " ind2=" " tag="310"><subfield code="a">Weekly</subfield></datafield><datafield ind1="0" ind2=" " tag="362"><subfield code="a">Vol. 57, no. 43 (Jan. 4, 1962)-v. 60, no. 17 (July 2, 1964).</subfield></datafield><datafield ind1=" " ind2=" " tag="500"><subfield code="a">Published in Chickasha, Okla., Apr. 4, 1963-July 2, 1964.</subfield></datafield><datafield ind1=" " ind2=" " tag="500"><subfield code="a">"Successor to the Verden News."</subfield></datafield><datafield ind1=" " ind2="0" tag="651"><subfield code="a">Chickasha (Okla.)</subfield><subfield code="v">Newspapers.</subfield></datafield><datafield ind1=" " ind2="0" tag="651"><subfield code="a">Verden (Okla.)</subfield><subfield code="v">Newspapers.</subfield></datafield><datafield ind1=" " ind2="0" tag="651"><subfield code="a">Grady County (Okla.)</subfield><subfield code="v">Newspapers.</subfield></datafield><datafield ind1=" " ind2="7" tag="655"><subfield code="a">Newspapers.</subfield><subfield code="2">fast</subfield><subfield code="0">(OCoLC)fst01423814</subfield></datafield><datafield ind1=" " ind2="7" tag="651"><subfield code="a">Oklahoma</subfield><subfield code="z">Chickasha.</subfield><subfield code="2">fast</subfield><subfield code="0">(OCoLC)fst01220340</subfield></datafield><datafield ind1=" " ind2="7" tag="651"><subfield code="a">Oklahoma</subfield><subfield code="z">Grady County.</subfield><subfield code="2">fast</subfield><subfield code="0">(OCoLC)fst01223118</subfield></datafield><datafield ind1=" " ind2="7" tag="651"><subfield code="a">Oklahoma</subfield><subfield code="z">Verden.</subfield><subfield code="2">fast</subfield><subfield code="0">(OCoLC)fst01308264</subfield></datafield><datafield ind1=" " ind2=" " tag="752"><subfield code="a">United States</subfield><subfield code="b">Oklahoma</subfield><subfield code="c">Grady</subfield><subfield code="d">Chickasha.</subfield></datafield><datafield ind1=" " ind2=" " tag="752"><subfield code="a">United States</subfield><subfield code="b">Oklahoma</subfield><subfield code="c">Grady</subfield><subfield code="d">Verden.</subfield></datafield><datafield ind1="0" ind2="0" tag="780"><subfield code="t">Verden news</subfield><subfield code="w">(DLC)sn 88074696</subfield><subfield code="w">(OCoLC)17689704</subfield></datafield></record>